
@misc{kroese2020,
	title = {Data {Science} and {Machine} {Learning}: {Mathematical} and {Statistical} {Methods} - {Dirk} {P}. {Kroese}, {Zdravko} {I}. {Botev}, {Thomas} {Taimre}, {Radislav} {Vaisman} - {Google} {Llibres}},
	url = {https://books.google.es/books/about/Data_Science_and_Machine_Learning.html?id=hVu6xwEACAAJ&redir_esc=y},
	urldate = {2023-08-14},
	file = {Data Science and Machine Learning\: Mathematical and Statistical Methods - Dirk P. Kroese, Zdravko I. Botev, Thomas Taimre, Radislav Vaisman - Google Llibres:/home/jordivilla/Zotero/storage/TVIIP3IB/Data_Science_and_Machine_Learning.html:text/html},
}
