
@inproceedings{hofmann_support_2006,
	title = {Support {Vector} {Machines} — {Kernels} and the {Kernel} {Trick} {An} elaboration for the {Hauptseminar} “ {Reading} {Club} : {Support} {Vector} {Machines} ”},
	shorttitle = {Support {Vector} {Machines} — {Kernels} and the {Kernel} {Trick} {An} elaboration for the {Hauptseminar} “ {Reading} {Club}},
	url = {https://www.semanticscholar.org/paper/Support-Vector-Machines-%E2%80%94-Kernels-and-the-Kernel-An-Hofmann/6c41c29257597af6b7da10fbb335cd2c2f9bde75?p2df},
	abstract = {Semantic Scholar extracted view of "Support Vector Machines — Kernels and the Kernel Trick An elaboration for the Hauptseminar “ Reading Club : Support Vector Machines ”" by Martin Hofmann},
	urldate = {2023-11-19},
	author = {Hofmann, Martin},
	year = {2006},
	file = {Full Text PDF:/Users/jordivilla/Zotero/storage/WYCDVZJV/Hofmann - 2006 - Support Vector Machines — Kernels and the Kernel T.pdf:application/pdf},
}

@article{sohil_introduction_2022,
	title = {An introduction to statistical learning with applications in {R}: by {Gareth} {James}, {Daniela} {Witten}, {Trevor} {Hastie}, and {Robert} {Tibshirani}, {New} {York}, {Springer} {Science} and {Business} {Media}, 2013, \$41.98, {eISBN}: 978-1-4614-7137-7},
	volume = {6},
	issn = {2475-4269, 2475-4277},
	shorttitle = {An introduction to statistical learning with applications in {R}},
	url = {https://www.tandfonline.com/doi/full/10.1080/24754269.2021.1980261},
	doi = {10.1080/24754269.2021.1980261},
	language = {en},
	number = {1},
	urldate = {2023-11-19},
	journal = {Statistical Theory and Related Fields},
	author = {Sohil, Fariha and Sohali, Muhammad Umair and Shabbir, Javid},
	month = jan,
	year = {2022},
	pages = {87--87},
	file = {Sohil et al. - 2022 - An introduction to statistical learning with appli.pdf:/Users/jordivilla/Zotero/storage/L3JAHW77/Sohil et al. - 2022 - An introduction to statistical learning with appli.pdf:application/pdf},
}
