@book{kroese2020,
	series = {Machine {Learning} \& {Pattern} {Recognition}},
	title = {Data {Science} and {Machine} {Learning}: {Mathematical} and {Statistical} {Methods}},
	url = {https://acems.org.au/data-science-machine-learning-book-available-download},
	year = {2020},
	urldate = {2023-08-15},
	publisher = {Chapman \& Hall/CRC},
	author = {Kroese, Dirk P. AND Botev, Zdravko AND Taimre, Thomas AND Vaisman, Radislav:},
	file = {Data Science and Machine Learning\: Mathematical and Statistical Methods (Chapman & Hall/CRC Machine Learning & Pattern Recognition) \: Kroese, Dirk P., Botev, Zdravko, Taimre, Thomas, Vaisman, Radislav\: Amazon.es\: Libros:/home/jordivilla/Zotero/storage/G8V23427/1138492531.html:text/html},
}
